<record><leader>00000cas a22000007a 4500</leader><controlfield tag="001">15308360</controlfield><controlfield tag="008">870312d18791918iauwr ne      0    0eng d</controlfield><datafield ind1=" " ind2=" " tag="010"><subfield code="a">sn 87057079 </subfield></datafield><datafield ind1=" " ind2=" " tag="040"><subfield code="a">INP</subfield><subfield code="b">eng</subfield><subfield code="c">INP</subfield><subfield code="d">OCLCQ</subfield></datafield><datafield ind1=" " ind2=" " tag="042"><subfield code="a">msc</subfield></datafield><datafield ind1="0" ind2="4" tag="245"><subfield code="a">The Osceola Democrat.</subfield></datafield><datafield ind1=" " ind2=" " tag="260"><subfield code="a">Osceola, Iowa :</subfield><subfield code="b">Sherman Bros.,</subfield><subfield code="c">-1918.</subfield></datafield><datafield ind1=" " ind2=" " tag="300"><subfield code="a">v. :</subfield><subfield code="b">ill. ;</subfield><subfield code="c">54-59 cm.</subfield></datafield><datafield ind1=" " ind2=" " tag="310"><subfield code="a">Weekly</subfield></datafield><datafield ind1="1" ind2=" " tag="362"><subfield code="a">Began in 1879?</subfield><subfield code="z">Cf. Bibl. of Iowa newspapers.</subfield></datafield><datafield ind1="0" ind2=" " tag="362"><subfield code="a">-v. 47, no. 52 (Dec. 26, 1918).</subfield></datafield><datafield ind1=" " ind2=" " tag="500"><subfield code="a">Publisher varies.</subfield></datafield><datafield ind1=" " ind2=" " tag="588"><subfield code="a">Description based on: Vol. 22, no. 47 (Apr. 2, 1896).</subfield></datafield><datafield ind1=" " ind2=" " tag="752"><subfield code="a">United States</subfield><subfield code="b">Iowa</subfield><subfield code="c">Clarke</subfield><subfield code="d">Osceola.</subfield></datafield><datafield ind1="0" ind2="0" tag="780"><subfield code="t">New era (Osceola, Iowa)</subfield><subfield code="w">(DLC)sn 84038388</subfield></datafield><datafield ind1="0" ind2="0" tag="785"><subfield code="t">Osceola tribune</subfield><subfield code="w">(DLC)sn 87057077</subfield></datafield></record>